@Book{linalgright,
  author    = "Sheldon Axler",
  title     = "Linear Algebra Done Right",
  publisher = "Springer",
  year      = "2015",
  edition   = "3",
  series    = "Undergraduate Texts in Mathematics",
  url       = "https://link-springer-com.myaccess.library.utoronto.ca/book/10.1007/978-3-319-11080-6",
}


@Book{linalgwrong,
  author    = "Sergei Treil",
  title     = "Linear Algebra Done Wrong",
  year      = "2017",
  url       = "https://www.math.brown.edu/streil/papers/LADW/LADW.html"
}